@thesis{flaxoThesis,
  title={Разработка информационной системы создания, сдачи и проверки заданий по по дисциплине "Программирование"},
  author={Андрей Ц., Ефимчик. Е.},
  year={2018}
}

@article{plagiarismToolsSurvey,
author = {Martins, Vitor and Fonte, D and Rangel Henriques, Pedro and Da Cruz, D},
year = {2014},
month = {01},
pages = {143-158},
title = {Plagiarism detection: A tool survey and comparison},
volume = {38},
journal = {OpenAccess Series in Informatics},
doi = {10.4230/OASIcs.SLATE.2014.143}
}

@article{mossOriginalPaper,
author = {Aiken, Alex},
year = {2002},
month = {01},
pages = {},
title = {MOSS, A System for Detecting Software Plagiarism}
}

@article{unifiedPlagiarismDetectionTool,
author = {Portillo, Omar and Ayala-Rivera, Vanessa and Murphy, Evin and Murphy, John},
year = {2017},
month = {08},
pages = {},
title = {A Unified Approach to Automate the Usage of Plagiarism Detection Tools in Programming Courses},
doi = {10.1109/ICCSE.2017.8085456}
}
